<record><leader>00000cas a22000007a 4500</leader><controlfield tag="001">13285898</controlfield><controlfield tag="008">860312c19119999ncuwr ne      0   a0eng d</controlfield><datafield ind1=" " ind2=" " tag="010"><subfield code="a">sn 92074087 </subfield></datafield><datafield ind1=" " ind2=" " tag="040"><subfield code="a">NCS</subfield><subfield code="b">eng</subfield><subfield code="c">NCS</subfield><subfield code="d">NVJ</subfield><subfield code="d">OCLCQ</subfield></datafield><datafield ind1=" " ind2=" " tag="032"><subfield code="a">388440</subfield><subfield code="b">USPS</subfield></datafield><datafield ind1=" " ind2=" " tag="042"><subfield code="a">msc</subfield></datafield><datafield ind1="0" ind2=" " tag="130"><subfield code="a">News-record (Marshall, N.C.)</subfield></datafield><datafield ind1="1" ind2="4" tag="245"><subfield code="a">The news-record.</subfield></datafield><datafield ind1=" " ind2=" " tag="260"><subfield code="a">Marshall, Madison Co., N.C. :</subfield><subfield code="b">Western Carolina Print. Co.</subfield></datafield><datafield ind1=" " ind2=" " tag="300"><subfield code="a">v. :</subfield><subfield code="b">ill. ;</subfield><subfield code="c">58 cm.</subfield></datafield><datafield ind1=" " ind2=" " tag="310"><subfield code="a">Weekly,</subfield><subfield code="b">Nov. 24, 1932-</subfield></datafield><datafield ind1=" " ind2=" " tag="321"><subfield code="a">Weekly,</subfield><subfield code="b">&lt;Jan. 5, 1912&gt;-Mar. 28, 1930</subfield></datafield><datafield ind1=" " ind2=" " tag="321"><subfield code="a">Semiweekly,</subfield><subfield code="b">Apr. 1, 1930-Nov. 18, 1932</subfield></datafield><datafield ind1="1" ind2=" " tag="362"><subfield code="a">Began in 1911.</subfield></datafield><datafield ind1=" " ind2=" " tag="500"><subfield code="a">Independent.</subfield></datafield><datafield ind1=" " ind2=" " tag="588"><subfield code="a">Description based on: Vol. 13, no. 50 (Dec. 15, 1911).</subfield></datafield><datafield ind1=" " ind2=" " tag="752"><subfield code="a">United States</subfield><subfield code="b">North Carolina</subfield><subfield code="c">Madison</subfield><subfield code="d">Marshall.</subfield></datafield><datafield ind1="0" ind2="4" tag="780"><subfield code="t">French Broad news</subfield><subfield code="w">(DLC)sn 97064610</subfield></datafield><datafield ind1="0" ind2="4" tag="780"><subfield code="t">Madison County record (Marshall, N.C.)</subfield><subfield code="w">(DLC)sn 92074086</subfield></datafield><datafield ind1="0" ind2="5" tag="780"><subfield code="t">Madison County times (Marshall, N.C.)</subfield><subfield code="w">(DLC)sn 97064609</subfield></datafield><datafield ind1=" " ind2=" " tag="936"><subfield code="a">Nov. 7, 1985</subfield></datafield></record>